<?xml version="1.0" encoding="UTF-8"?>
<record xmlns="http://www.loc.gov/MARC21/slim" xmlns:xsi="http://www.w3.org/2001/XMLSchema-instance" xsi:schemaLocation="http://www.loc.gov/MARC21/slim http://www.loc.gov/standards/marcxml/schema/MARC21slim.xsd">
<leader>00000cam a22      a 4500</leader>
<controlfield tag="001">001677178</controlfield>
<controlfield tag="003">NNU</controlfield>
<controlfield tag="005">20150127215032.0</controlfield>
<controlfield tag="008">931012m18861888ua            000 0 ara d</controlfield>
<datafield tag="020" ind1=" " ind2=" ">
<subfield code="a">0524083045 (microfiche)</subfield>
</datafield>
<datafield tag="020" ind1=" " ind2=" ">
<subfield code="a">9780524083048 (microfiche)</subfield>
</datafield>
<datafield tag="035" ind1=" " ind2=" ">
<subfield code="a">(OCoLC)82026805</subfield>
</datafield>
<datafield tag="040" ind1=" " ind2=" ">
<subfield code="a">HLS</subfield>
<subfield code="b">eng</subfield>
<subfield code="c">HLS</subfield>
<subfield code="d">OCLCG</subfield>
<subfield code="d">OCLCA</subfield>
<subfield code="d">OCLCQ</subfield>
<subfield code="d">OCLCF</subfield>
<subfield code="d">OCLCO</subfield>
<subfield code="d">NNU</subfield>
</datafield>
<datafield tag="050" ind1=" " ind2="4">
<subfield code="a">BP135.A128</subfield>
<subfield code="b">Q3</subfield>
</datafield>
<datafield tag="100" ind1="1" ind2=" ">
<subfield code="6">880-01</subfield>
<subfield code="a">Qasṭallānī, Aḥmad ibn Muḥammad,</subfield>
<subfield code="d">1447 or 1448-1517 or 1518.</subfield>
</datafield>
<datafield tag="240" ind1="1" ind2="0">
<subfield code="6">880-02</subfield>
<subfield code="a">Irshād al-sārī</subfield>
</datafield>
<datafield tag="245" ind1="1" ind2="0">
<subfield code="6">880-03</subfield>
<subfield code="a">Irshād al-sārī fi sharḥ Ṣaḥīḥ al-Bukhārī /</subfield>
<subfield code="c">taʼlīf Abī al-ʻAbbās Shihāb al-Dīn Aḥmad ibn Muḥammad al-Qastallānī. Wa-bi-hāmishihi Ṣaḥīḥ Muslim bi-Shurūḥ al-Nawawī</subfield>
</datafield>
<datafield tag="250" ind1=" " ind2=" ">
<subfield code="6">880-04</subfield>
<subfield code="a">Ṭabʻah jadīdah bil-ufset.</subfield>
</datafield>
<datafield tag="260" ind1=" " ind2=" ">
<subfield code="6">880-05</subfield>
<subfield code="a">al-Qāhirah :</subfield>
<subfield code="b">al-Maṭbaʻah al-Amīrīyah,</subfield>
<subfield code="c">1886-1888.</subfield>
</datafield>
<datafield tag="300" ind1=" " ind2=" ">
<subfield code="a">10 volumes ;</subfield>
<subfield code="c">29 cm</subfield>
</datafield>
<datafield tag="336" ind1=" " ind2=" ">
<subfield code="a">text</subfield>
<subfield code="b">txt</subfield>
<subfield code="2">rdacontent</subfield>
</datafield>
<datafield tag="337" ind1=" " ind2=" ">
<subfield code="a">unmediated</subfield>
<subfield code="b">n</subfield>
<subfield code="2">rdamedia</subfield>
</datafield>
<datafield tag="338" ind1=" " ind2=" ">
<subfield code="a">volume</subfield>
<subfield code="b">nc</subfield>
<subfield code="2">rdacarrier</subfield>
</datafield>
<datafield tag="500" ind1=" " ind2=" ">
<subfield code="a">Includes text of Ṣaḥīḥ al-Bukhārī.</subfield>
</datafield>
<datafield tag="650" ind1=" " ind2="0">
<subfield code="a">Hadith</subfield>
<subfield code="x">Criticism, interpretation, etc.</subfield>
</datafield>
<datafield tag="650" ind1=" " ind2="7">
<subfield code="a">Hadith.</subfield>
<subfield code="2">fast</subfield>
<subfield code="0">(OCoLC)fst00950112</subfield>
</datafield>
<datafield tag="655" ind1=" " ind2="7">
<subfield code="a">Criticism, interpretation, etc.</subfield>
<subfield code="2">fast</subfield>
<subfield code="0">(OCoLC)fst01411635</subfield>
</datafield>
<datafield tag="700" ind1="1" ind2="2">
<subfield code="6">880-06</subfield>
<subfield code="a">Bukhārī, Muḥammad ibn Ismāʻīl,</subfield>
<subfield code="d">810-870.</subfield>
<subfield code="t">Jāmiʻ al-ṣaḥīḥ.</subfield>
</datafield>
<datafield tag="700" ind1="0" ind2="2">
<subfield code="6">880-07</subfield>
<subfield code="a">Muslim ibn al-Ḥajjāj al-Qushayrī,</subfield>
<subfield code="d">approximately 821-875.</subfield>
<subfield code="t">Jāmiʻ al-ṣaḥīḥ.</subfield>
</datafield>
<datafield tag="700" ind1="0" ind2="2">
<subfield code="a">Nawawī,</subfield>
<subfield code="d">1233-1277</subfield>
<subfield code="6">880-08</subfield>
<subfield code="t">Sharḥ Ṣaḥīḥ Muslim.</subfield>
</datafield>
<datafield tag="740" ind1="0" ind2="2">
<subfield code="6">880-09</subfield>
<subfield code="a">Jāmiʻ al-ṣaḥīḥ.</subfield>
</datafield>
<datafield tag="740" ind1="0" ind2="2">
<subfield code="6">880-10</subfield>
<subfield code="a">Sharḥ Ṣaḥīḥ Muslim.</subfield>
</datafield>
<datafield tag="880" ind1="1" ind2=" ">
<subfield code="6">100-01/</subfield>
<subfield code="a">قسطلاني، احمد بن محمد،</subfield>
<subfield code="d">1447 or 1448-1517 or 1518.</subfield>
</datafield>
<datafield tag="880" ind1="1" ind2="0">
<subfield code="6">240-02/</subfield>
<subfield code="a">ارشاد الساري</subfield>
</datafield>
<datafield tag="880" ind1="1" ind2="0">
<subfield code="6">245-03/</subfield>
<subfield code="a">ارشاد الساري في شرح صحيح البخاري /</subfield>
<subfield code="c">تأليف ابي العباس شهاب الدين احمد بن محمد القستلاني. وبهامشه صحيح مسلم بشروح النووي</subfield>
</datafield>
<datafield tag="880" ind1=" " ind2=" ">
<subfield code="6">250-04/</subfield>
<subfield code="a">طبعة جديدة بلافست.</subfield>
</datafield>
<datafield tag="880" ind1=" " ind2=" ">
<subfield code="6">260-05/</subfield>
<subfield code="a">القاهرة :</subfield>
<subfield code="b">المطبعة الأميرية،</subfield>
<subfield code="c">1886-1888.</subfield>
</datafield>
<datafield tag="880" ind1="1" ind2="2">
<subfield code="6">700-06/</subfield>
<subfield code="a">بخاري، محمد بن اسماعيل،</subfield>
<subfield code="d">810-870.</subfield>
<subfield code="t">جامع الصحيح.</subfield>
</datafield>
<datafield tag="880" ind1="0" ind2="2">
<subfield code="6">700-07/</subfield>
<subfield code="a">مسلم بن الحجاج القشيري،</subfield>
<subfield code="d">approximately 821-875.</subfield>
<subfield code="t">جامع الصحيح.</subfield>
</datafield>
<datafield tag="880" ind1="0" ind2="2">
<subfield code="6">700-08/</subfield>
<subfield code="a">نووي،</subfield>
<subfield code="d">1233-1277.</subfield>
<subfield code="t">شرح صحيح مسلم.</subfield>
</datafield>
<datafield tag="880" ind1="0" ind2="2">
<subfield code="6">740-09/</subfield>
<subfield code="a">جامع الصحيح.</subfield>
</datafield>
<datafield tag="880" ind1="0" ind2="2">
<subfield code="6">740-10/</subfield>
<subfield code="a">شرح صحيح مسلم.</subfield>
</datafield>
<datafield tag="830" ind1=" " ind2="0">
<subfield code="a">ATLA monograph preservation program ;</subfield>
<subfield code="v">ATLA fiche 1993-4009.</subfield>
</datafield>
<datafield tag="OWN" ind1=" " ind2=" ">
<subfield code="a">GENERAL</subfield>
</datafield>
<datafield tag="AVA" ind1=" " ind2=" ">
<subfield code="a">NYU50</subfield>
<subfield code="b">BOBST</subfield>
<subfield code="c">Main Collection</subfield>
<subfield code="d">BP135.A128 Q3</subfield>
<subfield code="e">unavailable</subfield>
<subfield code="t">Unavailable</subfield>
<subfield code="f">10</subfield>
<subfield code="g">10</subfield>
<subfield code="h">Y</subfield>
<subfield code="i">1</subfield>
<subfield code="j">MAIN</subfield>
<subfield code="k">0</subfield>
</datafield>
</record>
